@inproceedings{wasted-cores,
  author = {Lozi, Jean-Pierre and Lepers, Baptiste and Funston, Justin and Gaud, Fabien and Qu{\'e}ma, Vivien and Fedorova, Alexandra},
  title = {The Linux Scheduler: A Decade of Wasted Cores},
  booktitle = {Proceedings of the Eleventh European Conference on Computer Systems},
  series = {EuroSys '16},
  year = {2016},
  isbn = {978-1-4503-4240-7},
  location = {London, United Kingdom},
  pages = {1:1--1:16},
  articleno = {1},
  numpages = {16},
  url = {http://doi.acm.org/10.1145/2901318.2901326},
  doi = {10.1145/2901318.2901326},
  acmid = {2901326},
  publisher = {ACM},
  address = {New York, NY, USA},
} 

@book{understanding-linux-kernel,
  author = {Bovet, Daniel and Cesati, Marco},
  title = {Understanding The Linux Kernel},
  year = {2005},
  isbn = {0596005652},
  publisher = {Oreilly \& Associates Inc},
}

@article{sched-groups-lwn,
  author = {Jonathan Corbet},
  title = {Coscheduling: simultaneous scheduling in control groups},
  journal = {LWN.net},
  date = {2018-09-10},
  url = {https://lwn.net/Articles/764482/},
}

@misc{proliant,
  author = {{Hewlett-Packard}},
  title = {Best Practices When DeployingLinux on the HP ProLiant DL980},
  howpublished = {\url{https://lwn.net/Articles/764482/}},
  note = {Accessed: 2019-04-24}
}

@misc{active-benchmarking,
  author = {Brendan Gregg},
  title = {Active Benchmarking},
  howpublished = {\url{http://www.brendangregg.com/activebenchmarking.html}},
  note = {Accessed: 2019-01-23}
}

@techreport{nas-parallel,
  author = {D. H. Bailey and E. Barszcz and J. T. Barton and D. S. Browning and R. L. Carter and R. A. Fatoohi and P. O. Frederickson and T. A. Lasinski and H. D. Simon and V. Venkatakrishnan and S. K. Weeratunga},
  title = {The nas parallel benchmarks},
  institution = {The International Journal of Supercomputer Applications},
  year = {1991}
}

@misc{jbb2005,
  author = {{Standard Performance Evaluation Corporation}},
  title = {SPECjbb2005 User's Guide},
  howpublished = {\url{https://www.spec.org/jbb2005/docs/UserGuide.html}},
  note = {Accessed: 2019-01-23}
}

@misc{jvm2008,
  author = {{Standard Performance Evaluation Corporation}},
  title = {SPECjvm2008 User's Guide},
  howpublished = {\url{https://www.spec.org/jvm2008/docs/UserGuide.html}},
  note = {Accessed: 2019-01-23}
}

@misc{linpack,
  author = {Jack J. Dongarra and Piotr Luszczek and Antoine Petitet},
  title = {The LINPACK benchmark: Past, present, and future},
  year = {2002}
}

@misc{stream,
  author = {John D. McCalpin{, Ph.D.}},
  title = {STREAM: Sustainable Memory Bandwidth in High Performance Computers},
  howpublished = {\url{https://www.cs.virginia.edu/stream/}},
  note = {Accessed: 2019-01-23}
}

@misc{highcharts,
  author = {{Highsoft AS}},
  title = {Highcharts General Documentation},
  howpublished = {\url{https://www.highcharts.com/docs/}},
  note = {Accessed: 2019-05-08}
}

@article{scikit-learn,
  title={Scikit-learn: Machine Learning in {P}ython},
  author={Pedregosa, F. and Varoquaux, G. and Gramfort, A. and Michel, V.
          and Thirion, B. and Grisel, O. and Blondel, M. and Prettenhofer, P.
          and Weiss, R. and Dubourg, V. and Vanderplas, J. and Passos, A. and
          Cournapeau, D. and Brucher, M. and Perrot, M. and Duchesnay, E.},
  journal={Journal of Machine Learning Research},
  volume={12},
  pages={2825--2830},
  year={2011}
}